<record><leader>00000cas a2200000 a 4500</leader><controlfield tag="001">42336104</controlfield><controlfield tag="007">hd afb020bucu</controlfield><controlfield tag="007">hd bfb020bubu</controlfield><controlfield tag="008">811103d18891945wauwr nea     0   a0eng c</controlfield><datafield ind1=" " ind2=" " tag="010"><subfield code="a">  2004252363</subfield></datafield><datafield ind1=" " ind2=" " tag="040"><subfield code="a">Wa</subfield><subfield code="b">eng</subfield><subfield code="c">WRJ</subfield><subfield code="d">OCLCQ</subfield><subfield code="d">WAU</subfield><subfield code="d">OCLCQ</subfield><subfield code="d">OCLCF</subfield><subfield code="d">OCLCO</subfield><subfield code="d">OCLCQ</subfield></datafield><datafield ind1=" " ind2=" " tag="042"><subfield code="a">pcc</subfield></datafield><datafield ind1=" " ind2=" " tag="043"><subfield code="a">n-us-wa</subfield></datafield><datafield ind1="0" ind2=" " tag="082"><subfield code="a">071.9778</subfield><subfield code="2">19</subfield></datafield><datafield ind1="0" ind2="0" tag="245"><subfield code="a">Buckley banner.</subfield></datafield><datafield ind1=" " ind2=" " tag="260"><subfield code="a">Buckley, Wash. :</subfield><subfield code="b">Ewing &amp; Clogston</subfield></datafield><datafield ind1=" " ind2=" " tag="300"><subfield code="a">volumes :</subfield><subfield code="b">illustrations</subfield></datafield><datafield ind1=" " ind2=" " tag="310"><subfield code="a">Weekly</subfield></datafield><datafield ind1=" " ind2=" " tag="336"><subfield code="a">text</subfield><subfield code="b">txt</subfield><subfield code="2">rdacontent</subfield></datafield><datafield ind1=" " ind2=" " tag="337"><subfield code="a">microform</subfield><subfield code="b">h</subfield><subfield code="2">rdamedia</subfield></datafield><datafield ind1=" " ind2=" " tag="338"><subfield code="a">microfilm reel</subfield><subfield code="b">hd</subfield><subfield code="2">rdacarrier</subfield></datafield><datafield ind1="1" ind2=" " tag="362"><subfield code="a">Began with Dec. 17, 1889; ceased with July 26, 1945.</subfield></datafield><datafield ind1=" " ind2=" " tag="525"><subfield code="a">Has supplements.</subfield></datafield><datafield ind1=" " ind2=" " tag="580"><subfield code="a">Merged with: News (Buckley, Wash.), to form: Buckley news-banner.</subfield></datafield><datafield ind1=" " ind2=" " tag="588"><subfield code="a">Description based on: Vol. 2, no. 18 (Apr. 25, 1891).</subfield></datafield><datafield ind1=" " ind2=" " tag="588"><subfield code="a">Latest issue consulted: Vol. 56, no. 29 (July 19, 1945).</subfield></datafield><datafield ind1=" " ind2=" " tag="533"><subfield code="a">Microfilm.</subfield><subfield code="b">Seattle, Wash. :</subfield><subfield code="c">Filmed by University of Washington Library.</subfield><subfield code="e">12 microfilm reels ; 35 mm.</subfield></datafield><datafield ind1=" " ind2="0" tag="651"><subfield code="a">Buckley (Wash.)</subfield><subfield code="v">Newspapers.</subfield></datafield><datafield ind1=" " ind2="7" tag="651"><subfield code="a">Washington (State)</subfield><subfield code="z">Buckley.</subfield><subfield code="2">fast</subfield><subfield code="0">(OCoLC)fst01223587</subfield></datafield><datafield ind1=" " ind2="7" tag="655"><subfield code="a">Newspapers.</subfield><subfield code="2">fast</subfield><subfield code="0">(OCoLC)fst01423814</subfield></datafield><datafield ind1=" " ind2=" " tag="752"><subfield code="a">United States</subfield><subfield code="b">Washington</subfield><subfield code="c">Pierce</subfield><subfield code="d">Buckley.</subfield></datafield><datafield ind1="1" ind2=" " tag="776"><subfield code="c">Original</subfield><subfield code="w">(DLC)sn 88085129</subfield><subfield code="w">(OCoLC)17331441</subfield></datafield><datafield ind1="1" ind2="7" tag="785"><subfield code="a">News (Buckley, Wash.)</subfield><subfield code="w">(DLC)  2004252362</subfield><subfield code="w">(OCoLC)42336032</subfield></datafield><datafield ind1="1" ind2="7" tag="785"><subfield code="t">Buckley news-banner</subfield><subfield code="w">(DLC)  2004252364</subfield><subfield code="w">(OCoLC)42336074</subfield></datafield><datafield ind1="1" ind2=" " tag="029"><subfield code="a">AU@</subfield><subfield code="b">000025383003</subfield></datafield></record>